<record><leader>00000cas a2200000 a 4500</leader><controlfield tag="001">9563139</controlfield><controlfield tag="008">830601d18811888waudn ne      0   a0eng c</controlfield><datafield ind1=" " ind2=" " tag="010"><subfield code="a">sn 83045611 </subfield></datafield><datafield ind1=" " ind2=" " tag="040"><subfield code="a">CRL</subfield><subfield code="b">eng</subfield><subfield code="c">CRL</subfield><subfield code="d">NPW</subfield><subfield code="d">DLC</subfield><subfield code="d">SLZ</subfield><subfield code="d">NYS</subfield><subfield code="d">SLZ</subfield><subfield code="d">CNK</subfield><subfield code="d">NVF</subfield><subfield code="d">DLC</subfield><subfield code="d">OCLCQ</subfield><subfield code="d">OCLCF</subfield><subfield code="d">OCLCO</subfield><subfield code="d">DLC</subfield></datafield><datafield ind1="0" ind2=" " tag="022"><subfield code="a">2379-7274</subfield><subfield code="2">1</subfield></datafield><datafield ind1=" " ind2=" " tag="042"><subfield code="a">pcc</subfield><subfield code="a">nsdp</subfield></datafield><datafield ind1=" " ind2=" " tag="043"><subfield code="a">n-us-wa</subfield></datafield><datafield ind1="0" ind2="0" tag="050"><subfield code="a">Newspaper</subfield></datafield><datafield ind1="0" ind2="0" tag="082"><subfield code="a">071</subfield><subfield code="2">23</subfield></datafield><datafield ind1=" " ind2="0" tag="222"><subfield code="a">Seattle daily post-intelligencer</subfield><subfield code="b">(Print)</subfield></datafield><datafield ind1="0" ind2="0" tag="245"><subfield code="a">Seattle daily post-intelligencer.</subfield></datafield><datafield ind1=" " ind2=" " tag="260"><subfield code="a">Seattle, W.T. [Wash. :</subfield><subfield code="b">Post-Intelligencer Pub. Co.],</subfield></datafield><datafield ind1=" " ind2=" " tag="300"><subfield code="a">v.</subfield><subfield code="b">ill. (chiefly advertisements)</subfield></datafield><datafield ind1=" " ind2=" " tag="310"><subfield code="a">Daily (except Monday)</subfield></datafield><datafield ind1="1" ind2=" " tag="362"><subfield code="a">Began Oct. 3, 1881?</subfield><subfield code="z">Cf. Gregory, W. Amer. newspapers.</subfield></datafield><datafield ind1="0" ind2=" " tag="362"><subfield code="a">-v. 13, no. 179 (May 10, 1888).</subfield></datafield><datafield ind1=" " ind2=" " tag="530"><subfield code="a">Also issued on microfilm from Center for Research Libraries; University of Washington.</subfield></datafield><datafield ind1=" " ind2=" " tag="530"><subfield code="a">Archived issues are available in digital format from the Library of Congress Chronicling America online collection.</subfield></datafield><datafield ind1=" " ind2=" " tag="588"><subfield code="a">Description based on: Vol. 2, no. 1 (Apr. 5, 1882).</subfield></datafield><datafield ind1=" " ind2="0" tag="651"><subfield code="a">Seattle (Wash.)</subfield><subfield code="v">Newspapers.</subfield></datafield><datafield ind1=" " ind2="7" tag="651"><subfield code="a">Washington (State)</subfield><subfield code="z">Seattle.</subfield><subfield code="2">fast</subfield><subfield code="0">(OCoLC)fst01204940</subfield></datafield><datafield ind1=" " ind2="7" tag="655"><subfield code="a">Newspapers.</subfield><subfield code="2">fast</subfield><subfield code="0">(OCoLC)fst01423814</subfield></datafield><datafield ind1=" " ind2=" " tag="752"><subfield code="a">United States</subfield><subfield code="b">Washington</subfield><subfield code="c">King</subfield><subfield code="d">Seattle.</subfield></datafield><datafield ind1="0" ind2=" " tag="775"><subfield code="t">Seattle weekly post-intelligencer</subfield><subfield code="w">(DLC)sn 86072001</subfield></datafield><datafield ind1="0" ind2="8" tag="776"><subfield code="i">Online version:</subfield><subfield code="t">Seattle daily post-intelligencer</subfield><subfield code="x">2379-7282</subfield><subfield code="w">(DLC)  2015218850</subfield><subfield code="w">(OCoLC)911135466</subfield></datafield><datafield ind1="0" ind2="4" tag="780"><subfield code="t">Seattle daily post</subfield><subfield code="w">(DLC)sn 87093452</subfield><subfield code="w">(OCoLC)17291951</subfield></datafield><datafield ind1="0" ind2="4" tag="780"><subfield code="t">Daily intelligencer (Seattle, Wash.)</subfield><subfield code="x">2376-9025</subfield><subfield code="w">(DLC)sn 83045610</subfield><subfield code="w">(OCoLC)9563076</subfield></datafield><datafield ind1="0" ind2="0" tag="785"><subfield code="t">Seattle post-intelligencer (Seattle, Wash. : 1888 : Daily)</subfield><subfield code="x">2379-7304</subfield><subfield code="w">(DLC)sn 83045604</subfield><subfield code="w">(OCoLC)9563195</subfield></datafield><datafield ind1="4" ind2="1" tag="856"><subfield code="u">http://www.loc.gov/chroniclingamerica/lccn/sn83045611/issues</subfield></datafield></record>